@article{andoni,
 author = {Andoni, Alexandr and Krauthgamer, Robert},
 title = {The Smoothed Complexity of Edit Distance},
 journal = {ACM Trans. Algorithms},
 issue_date = {September 2012},
 volume = {8},
 number = {4},
 month = oct,
 year = {2012},
 issn = {1549-6325},
 pages = {44:1--44:25},
 articleno = {44},
 numpages = {25},
 url = {http://doi.acm.org/10.1145/2344422.2344434},
 doi = {10.1145/2344422.2344434},
 acmid = {2344434},
 publisher = {ACM},
 address = {New York, NY, USA},
 keywords = {Edit distance, linear time, smooth complexity, sublinear time},
} 

@book{dong,
  author = "Guozhu Dong and Jian Pei",
  title = "Sequence Data Mining",
  publisher = "Springer",
  year = "2007"
}

@misc{hazelhurst,
  author = "Scott Hazelhurst",
  title = "An implementation of the $d^2$ distance function for DNA sequences:
    The wcd $d^2$ EST clustering algorithm",
  month = "September",
  year = "2003",
  url = "http://citeseerx.ist.psu.edu/viewdoc/download?doi=10.1.1.9.4289&rep=rep1&type=pdf"
}

@misc{uclust,
  author = "Robert C. Edgar",
  title = "UCLUST algorithm",
  year = "2010",
  url = "http://drive5.com/usearch/manual/uclust_algo.html",
  note = "Retrieved April 15, 2015"
}

@misc{usearch,
  author = "Robert C. Edgar",
  title = "USEARCH algorithm",
  year = "2010",
  url = "http://drive5.com/usearch/manual/usearch_algo.html",
  note = "Retrieved April 15, 2015"
}
